<?xml version="1.0" encoding="UTF-8"?><collection xmlns="http://www.loc.gov/MARC21/slim"><record><leader>00447nam--2200133-i-4500</leader><controlfield tag="001">000039828</controlfield><controlfield tag="002">20161230</controlfield><controlfield tag="005">20161230201042</controlfield><controlfield tag="008">060222s1000------------r-----000-0-eng-d</controlfield><datafield ind1=" " ind2=" " tag="080"><subfield code="a">621.762:015:546.791.4-31:537.311.31</subfield></datafield><datafield ind1=" " ind2=" " tag="100"><subfield code="a">Rubio,Andre</subfield></datafield><datafield ind1=" " ind2=" " tag="245"><subfield code="a">Contribution a l`etude de la resistivite du dioxide d`uranium en relation avec sa microstructure. these</subfield></datafield><datafield ind1=" " ind2=" " tag="260"><subfield code="a">Paris, Faculte Des Sciences De L`Univ.De Paris, 1972. 125 P</subfield></datafield><datafield ind1=" " ind2=" " tag="852"><subfield code="a">38246</subfield></datafield></record></collection>